@inproceedings{lyubashevsky2013,
  author    = {Vadim Lyubashevsky and Chris Peikert and Oded Regev},
  title     = {A Toolkit for Ring-{LWE} Cryptography},
  booktitle = {Advances in Cryptology -- EUROCRYPT 2013},
  editor    = {Thomas Johansson and Phong Q. Nguyen},
  series    = {Lecture Notes in Computer Science},
  volume    = {7881},
  pages     = {35--54},
  publisher = {Springer},
  year      = {2013},
  url       = {https://eprint.iacr.org/2013/293.pdf}
}

@inproceedings{lw23I,
  author    = {Feng-Hao Liu and Hao Wang},
  title     = {Batch Bootstrapping {I}: A New Framework for SIMD Bootstrapping in Polynomial Modulus},
  booktitle = {Advances in Cryptology -- EUROCRYPT 2023, Part III},
  series    = {Lecture Notes in Computer Science},
  volume    = {14007},
  pages     = {321--352},
  publisher = {Springer},
  year      = {2023},
  doi       = {10.1007/978-3-031-30620-4_11},
  url       = {https://doi.org/10.1007/978-3-031-30620-4_11}
}

@inproceedings{lw23II,
  author    = {Feng-Hao Liu and Hao Wang},
  title     = {Batch Bootstrapping {II}: Bootstrapping in Polynomial Modulus Only Requires Õ(1) FHE Multiplications in Amortization},
  booktitle = {Advances in Cryptology -- EUROCRYPT 2023, Part III},
  series    = {Lecture Notes in Computer Science},
  volume    = {14007},
  pages     = {353--384},
  publisher = {Springer},
  year      = {2023},
  doi       = {10.1007/978-3-031-30620-4_12},
  url       = {https://doi.org/10.1007/978-3-031-30620-4_12}
}

@inproceedings{BrakerskiEtAl2013,
  author    = {Zvika Brakerski and Antoine Joux and Chris Peikert and Oded Regev and Damien Stehl{\'{e}}},
  title     = {Classical Hardness of Learning with Errors},
  booktitle = {Proceedings of the 45th ACM Symposium on Theory of Computing (STOC)},
  pages     = {575--584},
  publisher = {ACM Press},
  year      = {2013}
}

@misc{Balbas2021,
  author       = {Daniel Balbás},
  title        = {The Hardness of LWE and Ring-LWE: A Survey},
  howpublished = {Cryptology ePrint Archive, Paper 2021/1358},
  year         = {2021},
  url          = {https://eprint.iacr.org/2021/1358}
}

@inproceedings{Guimaraes2023Amortized,
  author    = {André Guimarães and
               Hugo V. L. Pereira and
               Bas van Leeuwen},
  title     = {Amortized Bootstrapping Revisited: Simpler, Asymptotically-Faster, Implemented},
  booktitle = {Advances in Cryptology – {ASIACRYPT} 2023},
  editor    = {Jian Guo and
               Ron Steinfeld},
  series    = {Lecture Notes in Computer Science},
  volume    = {14443},
  pages     = {3--33},
  publisher = {Springer},
  year      = {2023},
  address   = {Singapore},
  doi       = {10.1007/978-981-99-8736-8_1},
  url       = {https://doi.org/10.1007/978-981-99-8736-8_1}
}

@misc{shoupNTL,
  author       = {Victor Shoup},
  title        = {NTL: A Library for doing Number Theory},
  howpublished = {\url{https://shoup.net/ntl/}},
  note         = {Acessado em: 7 ago. 2025}
}

@incollection{SBSeg21:PM,
  author      = "Hilder V. L. Pereira and Eduardo Morais",
  title       = {{Introdução à criptografia completamente homomórfica com implementação em Sage}},
  booktitle   = {{Minicursos do XXI Simpósio Brasileiro de Segurança da Informação e de Sistemas Computacionais}},
  publisher   = {{Sociedade Brasileira de Computação -- SBC}},
  address     = "Porto Alegre, Brazil",
  year        = 2021,
  doi		  = "10.5753/sbc.7165.8",
  pages       = "1-50",
  chapter     = 1,
}

@InProceedings{gsw13,
	author="Gentry, Craig
	and Sahai, Amit
	and Waters, Brent",
	title={{Homomorphic Encryption from Learning with Errors: Conceptually-Simpler, 
	Asymptotically-Faster, Attribute-Based}},
	booktitle="Advances in Cryptology -- CRYPTO 2013",
	year="2013",
	publisher="Springer Berlin Heidelberg",
	address="Berlin, Heidelberg",
	pages="75--92",
	isbn="978-3-642-40041-4"
}

@inproceedings{bgv12,
	author = {Brakerski, Zvika and Gentry, Craig and Vaikuntanathan, Vinod},
	title = {{(Leveled) Fully Homomorphic Encryption Without Bootstrapping}},
	booktitle = {Proceedings of the 3rd Innovations in Theoretical Computer 
	Science Conference},
	series = {ITCS '12},
	year = {2012},
	isbn = {978-1-4503-1115-1},
	location = {Cambridge, Massachusetts},
	pages = {309--325},
	numpages = {17},
	url = {http://doi.acm.org/10.1145/2090236.2090262},
	doi = {10.1145/2090236.2090262},
	acmid = {2090262},
	publisher = {ACM},
	address = {New York, NY, USA}
}

@InProceedings{cggi16,
	author="Chillotti, Ilaria
	and Gama, Nicolas
	and Georgieva, Mariya
	and Izabach{\`e}ne, Malika",
	editor="Cheon, Jung Hee
	and Takagi, Tsuyoshi",
	title="Faster Fully Homomorphic Encryption: Bootstrapping in Less Than 0.1 
	Seconds",
	booktitle="Advances in Cryptology -- ASIACRYPT 2016",
	year="2016",
	publisher="Springer Berlin Heidelberg",
	address="Berlin, Heidelberg",
	pages="3--33",
	isbn="978-3-662-53887-6"
}